@article{nopol,
    author =       {Martin Monperrus, Jifeng Xuan, Daniel Le Berre, Favio DeMarco},
    title =        {Automatic Repair of Buggy If Conditions and Missing Preconditions with SMT},
    year =         {2014}
}

@article{genprog,
    author =       {Le Goues C, ThanhVu Nguyen, Forrest S, Weimer W},
    title =        {GenProg: A Generic Method for Automatic Software Repair},
    year =         {2011}
}

@article{semfix,
    author =       {Hoang Duong Thien Nguyen, Dawei Qi, Abhik Roychoudhury, Satish Chandra},
    title =        {SemFix: Program Repair via Semantic Analysis},
    year =         {2013}
}
